
@unpublished{smooth-13,
  added-at = {2013-07-19T17:53:52.000+0200},
  author = {Alam, Md. Jawaherul and Bekos, Michael A. and Kaufmann, Michael and Kindermann, Philipp and Kobourov, Stephen G. and Wolff, Alexander},
  biburl = {http://www.bibsonomy.org/bibtex/2f3d85d1fd25e823c8732f83a676bb6ab/kindermann},
  interhash = {7e3c99b62c47727f5b8c75e931d71b06},
  intrahash = {f3d85d1fd25e823c8732f83a676bb6ab},
  keywords = {myown},
  note = {Submitted},
  timestamp = {2013-07-19T17:53:52.000+0200},
  title = {Smooth Orthogonal Drawings of Planar Graphs},
  year = 2013
}

@INPROCEEDINGS{biedl+kant-98,
    author = {Therese Biedl and Goos Kant},
    title = {A Better Heuristic for Orthogonal Graph Drawings},
    booktitle = {COMPUT. GEOM. THEORY APPL},
    year = {1998},
    pages = {24--35},
    publisher = {Springer-Verlag}
}

@article{liu+etal-98,
  author    = {Yanpei Liu and
               Aurora Morgana and
               Bruno Simeone},
  title     = {A Linear Algorithm for 2-bend Embeddings of Planar Graphs
               in the Two-dimensional Grid},
  journal   = {Discrete Applied Mathematics},
  volume    = {81},
  number    = {1-3},
  year      = {1998},
  pages     = {69-91},
  ee        = {http://dx.doi.org/10.1016/S0166-218X(97)00076-0},
  bibsource = {DBLP, http://dblp.uni-trier.de}
}